
@article{pycs,
author = {Tewes, Malte and Courbin, Fr{\'e}d{\'e}ric and Meylan, Georges},
title = {{COSMOGRAIL: the COSmological MOnitoring of GRAvItational Lenses}},
journal = {A{\&}A},
year = {2013},
volume = {553},
pages = {A120},
month = may
}

@article{Tewes:2013iz,
author = {Tewes, Malte and Courbin, Fr{\'e}d{\'e}ric and Meylan, Georges and Kochanek, Christopher S and Eulaers, E and Cantale, N and Mosquera, A M and Magain, P and van Winckel, H and Sluse, Dominique and Cataldi, G and Voros, D and Dye, S},
title = {{COSMOGRAIL: the COSmological MOnitoring of GRAvItational Lenses}},
journal = {A{\&}A},
year = {2013},
volume = {556},
pages = {A22},
month = jul
}



@article{RathnaKumar:2013eu,
author = {Rathna Kumar, S and Tewes, Malte and Stalin, C S and Courbin, Fr{\'e}d{\'e}ric and Asfandiyarov, I and Meylan, Georges and Eulaers, E and Prabhu, T P and Magain, P and van Winckel, H and Ehgamberdiev, Sh},
title = {{COSMOGRAIL: the COSmological MOnitoring of GRAvItational Lenses}},
journal = {A{\&}A},
year = {2013},
volume = {557},
pages = {A44},
month = aug
}



@article{d3,
  title = {D3: Data-Driven Documents},
  author = {Michael Bostock AND Vadim Ogievetsky AND Jeffrey Heer},
  journal = {IEEE Trans. Visualization \& Comp. Graphics (Proc. InfoVis)},
  year = {2011},
  url = {http://vis.stanford.edu/papers/d3}
}

